@misc{fiume_piave,
title = {Fiume Piave - Wikipedia},
url={https://it.wikipedia.org/wiki/Piave},
notes = {Site update: 2024-11-11}}

@misc{fiume_boite,
title = {Fiume Boite - Wikipedia},
url={https://it.wikipedia.org/wiki/Boite},
notes = {Site update: 2024-05-12}}

@misc{r_quadro,
title = {R quadro - Wikipedia},
url={https://it.wikipedia.org/wiki/Coefficiente_di_determinazione},
notes = {Site update: 2024-05-24}}


@misc{manual_hec_hms,
title = {HEC-HMS User's Manual},
url={https://www.hec.usace.army.mil/confluence/hmsdocs/hmsum/latest},
notes = {Site update: 2024-11-11}}





}
